<?xml version="1.0" encoding="UTF-8"?><collection xmlns="http://www.loc.gov/MARC21/slim"><record><leader>00367nam--2200133-i-4500</leader><controlfield tag="001">000046174</controlfield><controlfield tag="002">20161230</controlfield><controlfield tag="005">20161230201045</controlfield><controlfield tag="008">060222s1000------------r-----000-0-eng-d</controlfield><datafield ind1=" " ind2=" " tag="080"><subfield code="a">541</subfield></datafield><datafield ind1=" " ind2=" " tag="100"><subfield code="a">Vavoulis,Alexander</subfield></datafield><datafield ind1=" " ind2=" " tag="245"><subfield code="a">Chemistry calculations:with a focus on algebraic principles</subfield></datafield><datafield ind1=" " ind2=" " tag="260"><subfield code="a">San Francisco, Holden-day,Inc.,1966. Xii + 140 P</subfield></datafield><datafield ind1=" " ind2=" " tag="852"><subfield code="a">30335</subfield></datafield></record></collection>